<?xml version="1.0" encoding="UTF-8"?><collection xmlns="http://www.loc.gov/MARC21/slim"><record><leader>00474nam--2200181-i-4500</leader><controlfield tag="001">000005347</controlfield><controlfield tag="002">20161230</controlfield><controlfield tag="005">20161230201026</controlfield><controlfield tag="008">060222s1000------------r-----000-0-ger-d</controlfield><datafield ind1=" " ind2=" " tag="040"><subfield code="a">IFIN-HH</subfield></datafield><datafield ind1=" " ind2=" " tag="041"><subfield code="a">ger</subfield></datafield><datafield ind1=" " ind2=" " tag="080"><subfield code="a">535.317:535.822</subfield></datafield><datafield ind1="1" ind2=" " tag="100"><subfield code="a">Boegehold, H</subfield></datafield><datafield ind1="1" ind2="0" tag="245"><subfield code="a">Das optische system des mikroskops. berichtigte auflage</subfield><subfield code="c">D. boegehold</subfield></datafield><datafield ind1=" " ind2=" " tag="260"><subfield code="a">Berlin</subfield><subfield code="b">Veb Verlag Technik</subfield><subfield code="c">1959</subfield></datafield><datafield ind1=" " ind2=" " tag="300"><subfield code="a">192p</subfield></datafield><datafield ind1=" " ind2=" " tag="852"><subfield code="a">7360</subfield><subfield code="c">535</subfield></datafield><datafield ind1=" " ind2=" " tag="CAT"><subfield code="a">Sys</subfield><subfield code="c">20101015</subfield><subfield code="h">133732</subfield></datafield></record></collection>